<record><leader>00000cas a22000007a 4500</leader><controlfield tag="001">12878722</controlfield><controlfield tag="008">851206d19471977utuwr ne      0    0eng d</controlfield><datafield ind1=" " ind2=" " tag="010"><subfield code="a">sn 85058319 </subfield></datafield><datafield ind1=" " ind2=" " tag="040"><subfield code="a">UNP</subfield><subfield code="b">eng</subfield><subfield code="c">UNP</subfield><subfield code="d">UBY</subfield><subfield code="d">OCLCQ</subfield><subfield code="d">OCLCO</subfield></datafield><datafield ind1=" " ind2=" " tag="042"><subfield code="a">msc</subfield></datafield><datafield ind1=" " ind2=" " tag="043"><subfield code="a">n-us-ut</subfield></datafield><datafield ind1="0" ind2="4" tag="245"><subfield code="a">The Dragerton tribune.</subfield></datafield><datafield ind1=" " ind2=" " tag="260"><subfield code="a">Dragerton, Utah :</subfield><subfield code="b">W. Tomlinson,</subfield><subfield code="c">1947-</subfield></datafield><datafield ind1=" " ind2=" " tag="300"><subfield code="a">v. :</subfield><subfield code="b">ill.</subfield></datafield><datafield ind1=" " ind2=" " tag="310"><subfield code="a">Weekly</subfield></datafield><datafield ind1="0" ind2=" " tag="362"><subfield code="a">Vol. 1, no. 1 (July 1, 1947)-</subfield></datafield><datafield ind1="1" ind2=" " tag="362"><subfield code="a">Ceased on 1977?</subfield></datafield><datafield ind1=" " ind2=" " tag="515"><subfield code="a">All issues for Nov. 4-Dec. 2, 1958 called vol. 9, no. 19; issues for Dec. 9-30, 1958 unnumbered.</subfield></datafield><datafield ind1=" " ind2="0" tag="651"><subfield code="a">Dragerton (Utah)</subfield><subfield code="v">Newspapers.</subfield></datafield><datafield ind1=" " ind2="0" tag="651"><subfield code="a">Carbon County (Utah)</subfield><subfield code="v">Newspapers.</subfield></datafield><datafield ind1=" " ind2=" " tag="752"><subfield code="a">United States</subfield><subfield code="b">Utah</subfield><subfield code="c">Carbon</subfield><subfield code="d">Dragerton.</subfield></datafield></record>